<record><leader>00000cas a22000007a 4500</leader><controlfield tag="001">22104455</controlfield><controlfield tag="008">900720d19271938maudn ne      0    0eng d</controlfield><datafield ind1=" " ind2=" " tag="010"><subfield code="a">sn 89062401 </subfield></datafield><datafield ind1=" " ind2=" " tag="040"><subfield code="a">MGN</subfield><subfield code="b">eng</subfield><subfield code="c">MGN</subfield><subfield code="d">OCLCQ</subfield></datafield><datafield ind1=" " ind2=" " tag="042"><subfield code="a">msc</subfield></datafield><datafield ind1="0" ind2=" " tag="130"><subfield code="a">Medford daily evening Mercury (Medford, Mass. : 1927)</subfield></datafield><datafield ind1="1" ind2="0" tag="245"><subfield code="a">Medford daily evening Mercury.</subfield></datafield><datafield ind1=" " ind2=" " tag="260"><subfield code="a">Medford, Mass. :</subfield><subfield code="b">Medford Pub. Co.</subfield></datafield><datafield ind1=" " ind2=" " tag="300"><subfield code="a">v.</subfield></datafield><datafield ind1=" " ind2=" " tag="310"><subfield code="a">Daily (except Sun. and holidays)</subfield></datafield><datafield ind1="0" ind2=" " tag="362"><subfield code="a">Vol. 1, no. 1 (Oct. 1, 1927)-v. 21, no. 214 (June 15, 1938).</subfield></datafield><datafield ind1=" " ind2=" " tag="580"><subfield code="a">Weekly eds.: Medford Mercury (Medford, Mass. : Weekly : 1904), 1927-1928, and: Medford Mercury and messenger, 1928-&lt;1929&gt;.</subfield></datafield><datafield ind1=" " ind2=" " tag="752"><subfield code="a">United States</subfield><subfield code="b">Massachusetts</subfield><subfield code="c">Middlesex</subfield><subfield code="d">Medford.</subfield></datafield><datafield ind1="1" ind2=" " tag="775"><subfield code="t">Medford Mercury (Medford, Mass. : Weekly : 1904)</subfield><subfield code="w">(DLC)sn 89062397</subfield></datafield><datafield ind1="1" ind2=" " tag="775"><subfield code="t">Medford Mercury and messenger</subfield><subfield code="w">(DLC)sn 89062398</subfield></datafield><datafield ind1="0" ind2="0" tag="785"><subfield code="t">Medford Mercury (Medford, Mass. : Daily)</subfield><subfield code="w">(DLC)sn 89062402</subfield></datafield></record>